<collection xmlns="http://www.loc.gov/MARC21/slim">
<record>
  <leader>00954nam0a22002171i 450 </leader>
  <controlfield tag="001">IT\ICCU\CNCE\071114</controlfield>
  <controlfield tag="005">20071217000000.0</controlfield>
  <datafield tag="012" ind1=" " ind2=" ">
    <subfield code="a">iaa- gere dia- tede (3) 1570 (R)</subfield>
    <subfield code="2">fei</subfield>
  </datafield>
  <datafield tag="100" ind1=" " ind2=" ">
    <subfield code="a">20070618d1570        0itac0103    ba</subfield>
  </datafield>
  <datafield tag="101" ind1=" " ind2=" ">
    <subfield code="a">ITA</subfield>
  </datafield>
  <datafield tag="102" ind1=" " ind2=" ">
    <subfield code="a">IT</subfield>
  </datafield>
  <datafield tag="200" ind1="1" ind2=" ">
    <subfield code="a">℗La ℗pratica di recitare il diuino vfficio. Fatta in dechia ratione delle rubriche del breuiario romano nouamente rifformato. Per la iuriditione dell&apos;Abbatia di s. Siluestro di Nonantula. Con la tauola</subfield>
  </datafield>
  <datafield tag="210" ind1=" " ind2=" ">
    <subfield code="e">In Modona</subfield>
    <subfield code="g">appresso Paolo Gadaldino</subfield>
    <subfield code="h">&amp; fratelli</subfield>
    <subfield code="h">1570</subfield>
  </datafield>
  <datafield tag="215" ind1=" " ind2=" ">
    <subfield code="a">62, \2! p.</subfield>
    <subfield code="d">8ʻ</subfield>
  </datafield>
  <datafield tag="620" ind1=" " ind2=" ">
    <subfield code="a">IT</subfield>
    <subfield code="d">Modena</subfield>
  </datafield>
  <datafield tag="710" ind1="0" ind2="2">
    <subfield code="a">Nonantola</subfield>
    <subfield code="c"> &lt;Abbazia&gt;</subfield>
    <subfield code="3">7597</subfield>
  </datafield>
  <datafield tag="712" ind1="0" ind2="0">
    <subfield code="a">Gadaldini, Paolo &amp; fratelli</subfield>
    <subfield code="3">IT\ICCU\CNCT\000611</subfield>
    <subfield code="4">650</subfield>
  </datafield>
  <datafield tag="791" ind1="0" ind2="2">
    <subfield code="a">Abbatia nonantulana</subfield>
    <subfield code="3">21789</subfield>
    <subfield code="z">Nonantola &lt;Abbazia&gt;</subfield>
  </datafield>
  <datafield tag="791" ind1="0" ind2="0">
    <subfield code="a">Gabaldini, Paolo &amp; fratelli</subfield>
    <subfield code="3">IT\ICCU\CNCT\003220</subfield>
    <subfield code="z">Gadaldini, Paolo &amp; fratelli</subfield>
  </datafield>
  <datafield tag="801" ind1=" " ind2="3">
    <subfield code="a">IT</subfield>
    <subfield code="b">ICCU</subfield>
    <subfield code="c">20201115</subfield>
  </datafield>
  <datafield tag="899" ind1=" " ind2=" ">
    <subfield code="a">Biblioteca universitaria. Bologna</subfield>
    <subfield code="1">BO0098</subfield>
    <subfield code="2">UBO BU</subfield>
  </datafield>
</record>
</collection>
